% ===== particle phyiscs ======== %

@ARTICLE{pdg,
author = {
{Yao}, W.-M. and
{Amsler}, C. and
{Asner}, D. and
{Barnett}, R.M. and
{Beringer}, J. and
{Burchat}, P.R. and
{Carone}, C.D. and
{Caso}, C. and
{Dahl}, O. and
{D'Ambrosio}, G. and
{DeGouvea}, A. and
{Doser}, M. and
{Eidelman}, S. and
{Feng}, J.L. and
{Gherghetta}, T. and
{Goodman}, M. and
{Grab}, C. and
{Groom}, D.E. and
{Gurtu}, A. and
{Hagiwara}, K. and
{Hayes}, K.G. and
{Hern\'andez-Rey}, J.J. and
{Hikasa}, K. and
{Jawahery}, H. and
{Kolda}, C. and
{Kwon} Y. and
{Mangano}, M.L. and
{Manohar}, A.V. and
{Masoni}, A. and
{Miquel}, R. and
{M\"onig}, K. and
{Murayama}, H. and
{Nakamura}, K. and
{Navas}, S. and
{Olive}, K.A. and
{Pape}, L. and
{Patrignani}, C. and
{Piepke}, A. and
{Punzi}, G. and
{Raffelt}, G. and
{Smith}, J.G. and
{Tanabashi}, M. and
{Terning}, J. and
{T\"ornqvist}, N.A. and
{Trippe}, T.G. and
{Vogel}, P. and
{Watari}, T. and
{Wohl}, C.G. and
{Workman}, R.L. and
{Zyla}, P.A. and

{Armstrong}, B. and
{Harper}, G. and
{Lugovsky}, V.S. and
{Schaffner}, P. and

{Artuso}, M. and
{Babu}, K.S. and
{Band}, H.R. and
{Barberio}, E. and
{Battaglia}, M. and
{Bichsel}, H. and
{Biebel}, O. and
{Bloch}, P. and
{Blucher}, E. and
{Cahn}, R.N. and
{Casper}, D. and
{Cattai}, A. and
{Ceccucci}, A. and
{Chakraborty}, D. and
{Chivukula}, R.S. and
{Cowan}, G. and
{Damour}, T. and
{DeGrand}, T. and
{Desler}, K. and
{Dobbs}, M.A. and
{Drees}, M. and
{Edwards}, A. and
{Edwards}, D.A. and
{Elvira}, V.D. and
{Erler}, J. and
{Ezhela}, V.V. and
{Fetscher}, W. and
{Fields}, B.D. and
{Foster}, B. and
{Froidevaux}, D. and
{Gaisser}, T.K. and
{Garren}, L. and
{Gerber}, H.-J. and
{Gerbier}, G. and
{Gibbons}, L. and
{Gilman}, F.J. and
{Giudice}, G.F. and
{Gritsan}, A.V. and
{Gr\"unewald}, M. and
{Haber}, H.E. and
{Hagmann}, C. and
{Hinchliffe}, I. and
{H\"ocker}, A. and
{Igo-Kemenes}, P. and
{Jackson}, J.D. and
{Johnson}, K.F. and
{Karlen}, D. and
{Kayser}, B. and
{Kirkby}, D. and
{Klein}, S.R. and
{Kleinknecht}, K. and
{Knowles}, I.G. and
{Kowalewski}, R.V. and
{Kreitz}, P. and
{Krusche}, B. and
{Kuyanov}, Yu.V. and
{Lahav}, O. and
{Langacker}, P. and
{Liddle}, A. and
{Ligeti}, Z. and
{Liss}, T.M. and
{Littenberg}, L. and
{Liu}, L. and
{Lugovsky}, K.S. and
{Lugovsky}, S.B. and
{Mannel}, T. and
{Manley}, D.M. and
{Marciano}, W.J. and
{Martin}, A.D. and
{Milstead}, D. and
{Narain}, M. and
{Nason}, P. and
{Nir}, Y. and
{Peacock}, J.A. and
{Prell}, S.A. and
{Quadt}, A. and
{Raby}, S. and
{Ratcliff}, B.N. and
{Razuvaev}, E.A. and
{Renk}, B. and
{Richardson}, P. and
{Roesler}, S. and
{Rolandi}, G. and
{Ronan}, M.T. and
{Rosenberg}, L.J. and
{Sachrajda}, C.T. and
{Sarkar}, S. and
{Schmitt}, M. and
{Schneider}, O. and
{Scott}, D. and
{Sj\"ostrand}, T. and
{Smoot}, G.F. and
{Sokolsky}, P. and
{Spanier}, S. and
{Spieler}, H. and
{Stahl}, A. and
{Stanev}, T. and
{Streitmatter}, R.E. and
{Sumiyoshi}, T. and
{Tkachenko}, N.P. and
{Trilling}, G.H. and
{Valencia}, G. and
{van Bibber}, K. and
{Vincter}, M.G. and
{Ward}, D.R. and
{Webber}, B.R. and
{Wells}, J.D. and
{Whalley}, M. and
{Wolfenstein}, L. and
{Womersley}, J. and
{Woody}, C.L. and
{Yamamoto}, A. and
{Zenin}, O.V. and
{Zhang}, J. and
{Zhu}, R.-Y.},

title = "{Review of Particle Physics}",
journal = "{Journal of Physics G}",
year = 2006,
volume = "33",
pages = {1+},
url = {http://pdg.lbl.gov}
}

@unpublished{gluinoxsec13tev,
      Author        = {The CMS Collaboration}, 
      Collaboration = {CMS},
      title         = "Gluino-gluino Cross Sections at 13 TeV",
      year          = "2013",
      URL           = "twiki.cern.ch/twiki/bin/view/LHCPhysics/SUSYCrossSections13TeVgluglu",
      note          = "twiki.cern.ch/twiki/bin/view/LHCPhysics/SUSYCrossSections13TeVgluglu"
}

@unpublished{jercworkgroup,
      Author        = {The CMS Collaboration}, 
      Collaboration = {CMS},
      title         = "Jet Energy Corrections: Official Software Tools for applying JEC Corrections and Uncertainties",
      year          = "2015",
      URL           = "twiki.cern.ch/twiki/bin/view/CMSPublic/WorkBookJetEnergyCorrections",
      note          = "twiki.cern.ch/twiki/bin/view/CMSPublic/WorkBookJetEnergyCorrections"
}

@article{2012ZMETpaper,
      title         = "Search for physics beyond the standard model in events with two leptons, jets, and missing transverse momentum in pp collisions at sqrt(s) = 8 TeV",
      journal       ="Journal of High Energy Physics",
      year          ="2015",
      volume        ="2015",
      number        ="4",
      pages         ="1--41",
      issn          ="1029-8479",
      Author        = {The CMS Collaboration},
      Collaboration = {CMS}
}

@techreport{CMS-PAS-SUS-16-011,
      title         = "{Search for new physics in the one soft lepton final state
                       using 2015 data at $\sqrt{s}=13~\mathrm{TeV}$}",
      institution   = "CERN",
      collaboration = "CMS Collaboration", 
      Author        = {The CMS Collaboration},
      address       = "Geneva",
      number        = "CMS-PAS-SUS-16-011",
      year          = "2016",
      reportNumber  = "CMS-PAS-SUS-16-011",
      url           = "http://cds.cern.ch/record/2161097",
}

@misc{CC,
  key = {Creative Commons},
  title        = {Creative Commons Attribution 3.0 Unported},
  version      = {3.0},
  shorthand    = {CC},
  organization = {},
  url          = {https://creativecommons.org/licenses/by/3.0/},
  pagination   = {section},
  language     = {english},
  date         = {}
  }
  
  @article{Glashow:1961tr,
      author         = "Glashow, S. L.",
      title          = "{Partial Symmetries of Weak Interactions}",
      journal        = "Nucl. Phys.",
      volume         = "22",
      year           = "1961",
      pages          = "579-588",
      doi            = "10.1016/0029-5582(61)90469-2",
      SLACcitation   = "%%CITATION = NUPHA,22,579;%%"
}

@article{Weinberg:1967tq,
      author         = "Weinberg, Steven",
      title          = "{A Model of Leptons}",
      journal        = "Phys. Rev. Lett.",
      volume         = "19",
      year           = "1967",
      pages          = "1264-1266",
      doi            = "10.1103/PhysRevLett.19.1264",
      SLACcitation   = "%%CITATION = PRLTA,19,1264;%%"
}

@article{Salam:1968rm,
      author         = "Salam, Abdus",
      title          = "{Weak and Electromagnetic Interactions}",
      booktitle      = "{8th Nobel Symposium Lerum, Sweden, May 19-25, 1968}",
      journal        = "Conf. Proc.",
      volume         = "C680519",
      year           = "1968",
      pages          = "367-377",
      SLACcitation   = "%%CITATION = CONFP,C680519,367;%%"
}

@article{Aad:2012tfa,
      author         = "Aad, Georges and others",
      title          = "{Observation of a new particle in the search for the
                        Standard Model Higgs boson with the ATLAS detector at the
                        LHC}",
      collaboration  = "ATLAS",
      journal        = "Phys. Lett.",
      volume         = "B716",
      year           = "2012",
      pages          = "1-29",
      doi            = "10.1016/j.physletb.2012.08.020",
      eprint         = "1207.7214",
      archivePrefix  = "arXiv",
      primaryClass   = "hep-ex",
      reportNumber   = "CERN-PH-EP-2012-218",
      SLACcitation   = "%%CITATION = ARXIV:1207.7214;%%"
}

@article{Chatrchyan:2012xdj,
      author         = "Chatrchyan, Serguei and others",
      title          = "{Observation of a new boson at a mass of 125 GeV with the
                        CMS experiment at the LHC}",
      collaboration  = "CMS",
      journal        = "Phys. Lett.",
      volume         = "B716",
      year           = "2012",
      pages          = "30-61",
      doi            = "10.1016/j.physletb.2012.08.021",
      eprint         = "1207.7235",
      archivePrefix  = "arXiv",
      primaryClass   = "hep-ex",
      reportNumber   = "CMS-HIG-12-028, CERN-PH-EP-2012-220",
      SLACcitation   = "%%CITATION = ARXIV:1207.7235;%%"
}

@article{Alberico:2003kd,
      author         = "Alberico, W. M. and Bilenky, S. M.",
      title          = "{Neutrino oscillations, masses and mixing}",
      journal        = "Phys. Part. Nucl.",
      volume         = "35",
      year           = "2004",
      pages          = "297-323",
      note           = "[Fiz. Elem. Chast. Atom. Yadra35,545(2004)]",
      eprint         = "hep-ph/0306239",
      archivePrefix  = "arXiv",
      primaryClass   = "hep-ph",
      SLACcitation   = "%%CITATION = HEP-PH/0306239;%%"
}

@article{Corbelli:1999af,
      author         = "Corbelli, Edvige and Salucci, Paolo",
      title          = "{The Extended Rotation Curve and the Dark Matter Halo of
                        M33}",
      journal        = "Mon. Not. Roy. Astron. Soc.",
      volume         = "311",
      year           = "2000",
      pages          = "441-447",
      doi            = "10.1046/j.1365-8711.2000.03075.x",
      eprint         = "astro-ph/9909252",
      archivePrefix  = "arXiv",
      primaryClass   = "astro-ph",
      SLACcitation   = "%%CITATION = ASTRO-PH/9909252;%%"
}

@article{Haag:1974qh,
      author         = "Haag, Rudolf and Lopuszanski, Jan T. and Sohnius, Martin",
      title          = "{All Possible Generators of Supersymmetries of the s
                        Matrix}",
      journal        = "Nucl. Phys.",
      volume         = "B88",
      year           = "1975",
      pages          = "257",
      doi            = "10.1016/0550-3213(75)90279-5",
      note           = "[,257(1974)]",
      reportNumber   = "Print-74-1630 (KARLSRUHE)",
      SLACcitation   = "%%CITATION = NUPHA,B88,257;%%"
}

@article{Martin:1997ns,
      author         = "Martin, Stephen P.",
      title          = "{A Supersymmetry primer}",
      year           = "1997",
      pages          = "1-98",
      doi            = "10.1142/9789812839657_0001, 10.1142/9789814307505_0001",
      note           = "Adv. Ser. Direct. High Energy Phys.18,1(1998)",
      eprint         = "hep-ph/9709356",
      archivePrefix  = "arXiv",
      primaryClass   = "hep-ph",
      reportNumber   = "FERMILAB-PUB-97-425-T",
      SLACcitation   = "%%CITATION = HEP-PH/9709356;%%"
}

@article{mt2_2016,
      author         = "Khachatryan, Vardan and others",
      title          = "{Search for new physics with the M$_{T2}$ variable in
                        all-jets final states produced in pp collisions at $
                        \sqrt{s}=13 $ TeV}",
      collaboration  = "CMS",
      journal        = "JHEP",
      volume         = "10",
      year           = "2016",
      pages          = "006",
      doi            = "10.1007/JHEP10(2016)006",
      eprint         = "1603.04053",
      archivePrefix  = "arXiv",
      primaryClass   = "hep-ex",
      reportNumber   = "CMS-SUS-15-003, CERN-EP-2016-067",
      SLACcitation   = "%%CITATION = ARXIV:1603.04053;%%"
}

@article{mt2_2017,
      author         = "Sirunyan, Albert M and others",
      title          = "{Search for new phenomena with the $M_{\mathrm {T2}}$
                        variable in the all-hadronic final state produced in
                        proton?proton collisions at $\sqrt{s} = 13$ $\,\text
                        {TeV}$}",
      collaboration  = "CMS",
      journal        = "Eur. Phys. J.",
      volume         = "C77",
      year           = "2017",
      number         = "10",
      pages          = "710",
      doi            = "10.1140/epjc/s10052-017-5267-x",
      eprint         = "1705.04650",
      archivePrefix  = "arXiv",
      primaryClass   = "hep-ex",
      reportNumber   = "CMS-SUS-16-036, CERN-EP-2017-084",
      SLACcitation   = "%%CITATION = ARXIV:1705.04650;%%"
}